@book{hyndman2014,
  title={Forecasting: principles and practice},
  author={Hyndman, Rob J and Athanasopoulos, George},
  year={2014},
  publisher={OTexts}
}

@article{hansen2011,
  title={The model confidence set},
  author={Hansen, Peter R and Lunde, Asger and Nason, James M},
  journal={Econometrica},
  volume={79},
  number={2},
  pages={453--497},
  year={2011},
  publisher={Wiley Online Library}
}

@article{fantazzini2016,
  title={Everything you always wanted to know about bitcoin modelling but were afraid to ask},
  author={Fantazzini, Dean and Nigmatullin, Erik and Sukhanovskaya, Vera and Ivliev, Sergey},
  year={2016}
}

@article{box1970,
  title={Forecasting and control},
  author={Box, George EP and Jenkins, Gwilym M and Reinsel, G},
  journal={Time Series Analysis},
  volume={3},
  pages={75},
  year={1970}
}

@article{wu1995,
  title={Model-free forecasting for nonlinear time series (with application to exchange rates)},
  author={Wu, Berlin},
  journal={Computational Statistics \& Data Analysis},
  volume={19},
  number={4},
  pages={433--459},
  year={1995},
  publisher={Elsevier}
}

@article{spyros1997,
  title={ARMA models and the Box--Jenkins methodology},
  author={Hibon, Michael and Makridakis, Spyros},
  year={1997},
  publisher={John Wiley \& Sons, Ltd.}
}

@article{santos2007,
  title={Computational intelligence approaches and linear models in case studies of forecasting exchange rates},
  author={Santos, Andr{\'e} Alves Portela and da Costa, Newton Carneiro Affonso and dos Santos Coelho, Leandro},
  journal={Expert Systems with Applications},
  volume={33},
  number={4},
  pages={816--823},
  year={2007},
  publisher={Elsevier}
}

@article{anastasakis2009,
  title={Exchange rate forecasting using a combined parametric and nonparametric self-organising modelling approach},
  author={Anastasakis, Leonidas and Mort, Neil},
  journal={Expert Systems with Applications},
  volume={36},
  number={10},
  pages={12001--12011},
  year={2009},
  publisher={Elsevier}
}

@article{lin2012,
  title={Empirical mode decomposition--based least squares support vector regression for foreign exchange rate forecasting},
  author={Lin, Chiun-Sin and Chiu, Sheng-Hsiung and Lin, Tzu-Yu},
  journal={Economic Modelling},
  volume={29},
  number={6},
  pages={2583--2590},
  year={2012},
  publisher={Elsevier}
}

@article{chung1995,
  title={Forecasting Exchange Rates Using Feedforward and Recurrent Neural Networks},
  author={Chung-Ming, K and Tung, L},
  journal={Journal of Applied Econometrics},
  volume={10},
  pages={347--364},
  year={1995}
}

@article{khashei2012,
  title={Hybridization of autoregressive integrated moving average (ARIMA) with probabilistic neural networks (PNNs)},
  author={Khashei, Mehdi and Bijari, Mehdi and Ardali, Gholam Ali Raissi},
  journal={Computers \& Industrial Engineering},
  volume={63},
  number={1},
  pages={37--45},
  year={2012},
  publisher={Elsevier}
}

@inproceedings{kamruzzaman2003,
  title={Forecasting of currency exchange rates using ANN: A case study},
  author={Kamruzzaman, Joarder and Sarker, Ruhul A},
  booktitle={Neural Networks and Signal Processing, 2003. Proceedings of the 2003 International Conference on},
  volume={1},
  pages={793--797},
  year={2003},
  organization={IEEE}
}

@article{gradojevic2007,
  title={Non-linear, hybrid exchange rate modeling and trading profitability in the foreign exchange market},
  author={Gradojevic, Nikola},
  journal={Journal of Economic Dynamics and Control},
  volume={31},
  number={2},
  pages={557--574},
  year={2007},
  publisher={Elsevier}
}

@article{franses1998,
  title={On forecasting exchange rates using neural networks},
  author={Franses, Philip Hans and Van Homelen, Paul},
  journal={Applied Financial Economics},
  volume={8},
  number={6},
  pages={589--596},
  year={1998},
  publisher={Taylor \& Francis}
}

@article{fahimifard2009,
  title={Comparison of ANFIS, ANN, GARCH and ARIMA techniques to exchange rate forecasting},
  author={Fahimifard, SM and Homayounifar, Masuod and Sabouhi, M and Moghaddamnia, AR},
  journal={Journal of Applied Sciences},
  volume={9},
  number={20},
  pages={3641--3651},
  year={2009}
}

@article{etuk2013,
  title={Additive Sarima modelling of monthly Nigerian Naira-CFA franc exchange rates},
  author={Etuk, Ette Harrison and Wokoma, Dagogo SA and Moffat, Imoh Udo},
  journal={European Journal of Statistics and Probability},
  volume={1},
  number={1},
  pages={1--12},
  year={2013}
}

@article{etuk2012,
  title={A seasonal ARIMA model for daily Nigerian Naira-US Dollar exchange rates},
  author={Etuk, Ette Harrison and others},
  journal={Asian Journal of Empirical Research},
  volume={2},
  number={6},
  pages={219--227},
  year={2012},
  publisher={Asian Economic and Social Society}
}

@article{diebold1991,
  title={Real exchange rates under the gold standard},
  author={Diebold, Francis X and Husted, Steven and Rush, Mark},
  journal={Journal of Political Economy},
  volume={99},
  number={6},
  pages={1252--1271},
  year={1991},
  publisher={The University of Chicago Press}
}

@article{cheung1993,
  title={Long memory in foreign-exchange rates},
  author={Cheung, Yin-Wong},
  journal={Journal of Business \& Economic Statistics},
  volume={11},
  number={1},
  pages={93--101},
  year={1993},
  publisher={Taylor \& Francis}
}
@article{cermak2017,
  title={Can Bitcoin Become a Viable Alternative to Fiat Currencies? An Empirical Analysis of Bitcoin's Volatility Based on a GARCH Model},
  author={Cermak, Vavrinec},
  year={2017}
}

@article{castillo2002,
  title={Hybrid intelligent systems for time series prediction using neural networks, fuzzy logic, and fractal theory},
  author={Castillo, Oscar and Melin, Patricia},
  journal={IEEE Transactions on Neural Networks},
  volume={13},
  number={6},
  pages={1395--1408},
  year={2002},
  publisher={IEEE}
}

@article{babu2014,
  title={A moving-average filter based hybrid ARIMA--ANN model for forecasting time series data},
  author={Babu, C Narendra and Reddy, B Eswara},
  journal={Applied Soft Computing},
  volume={23},
  pages={27--38},
  year={2014},
  publisher={Elsevier}
}

@article{abu1996,
  title={Introduction to financial forecasting},
  author={Abu-Mostafa, Yaser S and Atiya, Amir F},
  journal={Applied Intelligence},
  volume={6},
  number={3},
  pages={205--213},
  year={1996},
  publisher={Springer}
}

@article{ince2006,
  title={A hybrid model for exchange rate prediction},
  author={Ince, Huseyin and Trafalis, Theodore B},
  journal={Decision Support Systems},
  volume={42},
  number={2},
  pages={1054--1062},
  year={2006},
  publisher={Elsevier}
}

@article{khashei2011,
  title={Exchange rate forecasting better with hybrid artificial neural networks models},
  author={Khashei, Mehdi and Bijari, Hehdi},
  journal={Journal of Mathematical and Computational Science},
  volume={1},
  number={1},
  pages={103},
  year={2011},
  publisher={Science \& Knowledge Publishing Corporation Limited (SCIK)}
}

@article{khashei2009,
  title={Improvement of auto-regressive integrated moving average models using fuzzy logic and artificial neural networks (ANNs)},
  author={Khashei, Mehdi and Bijari, Mehdi and Ardali, Gholam Ali Raissi},
  journal={Neurocomputing},
  volume={72},
  number={4},
  pages={956--967},
  year={2009},
  publisher={Elsevier}
}

@article{tseng2001,
  title={Fuzzy ARIMA model for forecasting the foreign exchange market},
  author={Tseng, Fang-Mei and Tzeng, Gwo-Hshiung and Yu, Hsiao-Cheng and Yuan, Benjamin JC},
  journal={Fuzzy sets and systems},
  volume={118},
  number={1},
  pages={9--19},
  year={2001},
  publisher={Elsevier}
}

@article{zhang1998,
  title={Neural network forecasting of the British pound/US dollar exchange rate},
  author={Zhang, Gioqinang and Hu, Michael Y},
  journal={Omega},
  volume={26},
  number={4},
  pages={495--506},
  year={1998},
  publisher={Elsevier}
}

@article{franses1998,
  title={On forecasting exchange rates using neural networks},
  author={Franses, Philip Hans and Van Homelen, Paul},
  journal={Applied Financial Economics},
  volume={8},
  number={6},
  pages={589--596},
  year={1998},
  publisher={Taylor \& Francis}
}


@article{kuan1995,
  title={Forecasting exchange rates using feedforward and recurrent neural networks},
  author={Kuan, Chung-Ming and Liu, Tung},
  journal={Journal of applied econometrics},
  volume={10},
  number={4},
  pages={347--364},
  year={1995},
  publisher={Wiley Online Library}
}


@incollection{mincer1969,
  title={The evaluation of economic forecasts},
  author={Mincer, Jacob A and Zarnowitz, Victor},
  booktitle={Economic forecasts and expectations: Analysis of forecasting behavior and performance},
  pages={3--46},
  year={1969},
  publisher={NBER}
}

@book{ruppert2015,
  title={Statistics and data analysis for financial engineering: with R examples},
  author={Ruppert, David and Matteson, David S},
  year={2015},
  publisher={Springer}
}

@article{nwankwo2014,
  title={Autoregressive Integrated Moving Average (ARIMA) Model for Exchange Rate (Naira to Dollar)},
  author={Nwankwo, Steve C},
  journal={Academic Journal of Interdisciplinary Studies},
  volume={3},
  number={4},
  pages={429},
  year={2014}
}


@article{taylor2017,
  title={Forecasting at Scale},
  author={Taylor, Sean J and Letham, Benjamin},
  year={2017}
}

  @Manual{Texevier,
    title = {{Texevier}: {P}ackage to create Elsevier templates for Rmarkdown},
    author = {N.F. Katzke},
    organization = {Bureau for Economic Research},
    address = {Stellenbosch, South Africa},
    note = {version 0.1.2},
    year = {2017},
  }
