@article{billah2006exponential,
  title={Exponential smoothing model selection for forecasting},
  author={Billah, Baki and King, Maxwell L and Snyder, Ralph D and Koehler, Anne B},
  journal={International journal of forecasting},
  volume={22},
  number={2},
  pages={239--247},
  year={2006},
  publisher={Elsevier}
}


@article{gardner2006exponential,
  title={Exponential smoothing: The state of the artâ€”Part II},
  author={Gardner, Everette S},
  journal={International journal of forecasting},
  volume={22},
  number={4},
  pages={637--666},
  year={2006},
  publisher={Elsevier}
}

@article{de200625,
  title={25 years of time series forecasting},
  author={De Gooijer, Jan G and Hyndman, Rob J},
  journal={International journal of forecasting},
  volume={22},
  number={3},
  pages={443--473},
  year={2006},
  publisher={Elsevier}
}

@article{granvik2010forecasting,
  title={Forecasting Exchange Rates},
  author={Granvik, Ashley},
  year={2010},
  publisher={Arcada-Nylands svenska yrkesh{\"o}gskola}
}

@techreport{hassani2015forecasting,
  title={Forecasting Accuracy Evaluation of Tourist Arrivals: Evidence from Parametric and Non-Parametric Techniques},
  author={Hassani, Hossein and Silva, Emmanuel Sirimal and Antonakakis, Nikolaos and Filis, George and Gupta, Rangan and others},
  year={2015}
}

@article{hyndman2013forecasting,
  title={Forecasting: principles and practice, OTexts, Australia},
  author={Hyndman, RJ and Athanasopoulos, G},
  journal={Available via: www. OTexts. com/fpp},
  year={2013}
}

@techreport{hyndman2007automatic,
  title={Automatic time series for forecasting: the forecast package for R},
  author={Hyndman, Rob J and Khandakar, Yeasmin and others},
  year={2007},
  institution={Monash University, Department of Econometrics and Business Statistics}
}

@article{hyndman2002state,
  title={A state space framework for automatic forecasting using exponential smoothing methods},
  author={Hyndman, Rob J and Koehler, Anne B and Snyder, Ralph D and Grose, Simone},
  journal={International Journal of Forecasting},
  volume={18},
  number={3},
  pages={439--454},
  year={2002},
  publisher={Elsevier}
}

@incollection{mincer1969evaluation,
  title={The evaluation of economic forecasts},
  author={Mincer, Jacob A and Zarnowitz, Victor},
  booktitle={Economic forecasts and expectations: Analysis of forecasting behavior and performance},
  pages={3--46},
  year={1969},
  publisher={NBER}
}

@inproceedings{smith2015comparison,
  title={A Comparison of Time Series Model Forecasting Methods on Patent Groups.},
  author={Smith, Mick and Agrawal, Rajeev},
  booktitle={MAICS},
  pages={167--173},
  year={2015}
}

@article{taylor2017forecasting,
  title={Forecasting at Scale},
  author={Taylor, Sean J and Letham, Benjamin},
  year={2017}
}

  @Manual{Texevier,
    title = {{Texevier}: {P}ackage to create Elsevier templates for Rmarkdown},
    author = {N.F. Katzke},
    organization = {Bureau for Economic Research},
    address = {Stellenbosch, South Africa},
    note = {version 0.1.2},
    year = {2017},
  }
